@article{mittal2013trustworthiness,
  title={Trustworthiness of big data},
  author={Mittal, Akhil},
  journal={International Journal of Computer Applications},
  volume={80},
  number={9},
  year={2013},
  publisher={Citeseer}
}
@article{gudivada2015big,
  title={Big data: Promises and problems},
  author={Gudivada, Venkat N and Baeza-Yates, Ricardo and Raghavan, Vijay V},
  journal={Computer},
  volume={48},
  number={03},
  pages={20--23},
  year={2015},
  publisher={IEEE Computer Society}
}
@ARTICLE{8063921,
  author={Yu, Jiahui and Wang, Kun and Li, Peng and Xia, Rui and Guo, Song and Guo, Minyi},
  journal={IEEE Transactions on Big Data}, 
  title={Efficient Trustworthiness Management for Malicious User Detection in Big Data Collection}, 
  year={2022},
  volume={8},
  number={1},
  pages={99-112},
  doi={10.1109/TBDATA.2017.2761386}}
@article{article,
author = {Cai, Li and Zhu, Yangyong},
year = {2015},
month = {05},
pages = {},
title = {The Challenges of Data Quality and Data Quality Assessment in the Big Data Era},
volume = {14},
journal = {Data Science Journal},
doi = {10.5334/dsj-2015-002}
}
@INPROCEEDINGS{8605945,
  author={Taleb, Ikbal and Serhani, Mohamed Adel and Dssouli, Rachida},
  booktitle={2018 International Conference on Innovations in Information Technology (IIT)}, 
  title={Big Data Quality Assessment Model for Unstructured Data}, 
  year={2018},
  volume={},
  number={},
  pages={69-74},
  doi={10.1109/INNOVATIONS.2018.8605945}}
@ARTICLE{6949519,
  author={O'Leary, Daniel E.},
  journal={IEEE Intelligent Systems}, 
  title={Embedding AI and Crowdsourcing in the Big Data Lake}, 
  year={2014},
  volume={29},
  number={5},
  pages={70-73},
  doi={10.1109/MIS.2014.82}}
@article{anisetti2023assurance,
  title={An assurance process for Big Data trustworthiness},
  author={Anisetti, Marco and Ardagna, Claudio A and Berto, Filippo},
  journal={Future Generation Computer Systems},
  volume={146},
  pages={34--46},
  year={2023},
  publisher={Elsevier}
}
@INPROCEEDINGS{7838288,
  author={Agarwal, Bhoomika and Ravikumar, Abhiram and Saha, Snehanshu},
  booktitle={2016 15th IEEE International Conference on Machine Learning and Applications (ICMLA)}, 
  title={A Novel Approach to Big Data Veracity Using Crowdsourcing Techniques and Bayesian Predictors}, 
  year={2016},
  volume={},
  number={},
  pages={1020-1023},
  doi={10.1109/ICMLA.2016.0184}}
@article{zhu2021effects,
  title={Effects of ambient temperature on regulated gaseous and particulate emissions from gasoline-, E10-and M15-fueled vehicles},
  author={Zhu, Rencheng and Hu, Jingnan and He, Liqiang and Zu, Lei and Bao, Xiaofeng and Lai, Yitu and Su, Sheng},
  journal={Frontiers of Environmental Science \& Engineering},
  volume={15},
  pages={1--13},
  year={2021},
  publisher={Springer}
}
@article{fanelli2023big,
  title={Big data analysis for decision-making processes: challenges and opportunities for the management of health-care organizations},
  author={Fanelli, Simone and Pratici, Lorenzo and Salvatore, Fiorella Pia and Donelli, Chiara Carolina and Zangrandi, Antonello},
  journal={Management Research Review},
  volume={46},
  number={3},
  pages={369--389},
  year={2023},
  publisher={Emerald Publishing Limited}
}
@inproceedings{lew2021pclean,
  title={PClean: Bayesian data cleaning at scale with domain-specific probabilistic programming},
  author={Lew, Alexander and Agrawal, Monica and Sontag, David and Mansinghka, Vikash},
  booktitle={International Conference on Artificial Intelligence and Statistics},
  pages={1927--1935},
  year={2021},
  organization={PMLR}
}
@INPROCEEDINGS{10165495,
  author={Zuo, Xuerong},
  booktitle={2023 IEEE 3rd International Conference on Information Technology, Big Data and Artificial Intelligence (ICIBA)}, 
  title={Research on Data Quality Improvement Program Based on Big Data Application}, 
  year={2023},
  volume={3},
  number={},
  pages={1742-1745},
  doi={10.1109/ICIBA56860.2023.10165495}}
@INPROCEEDINGS{6204995,
  author={Sidi, Fatimah and Shariat Panahy, Payam Hassany and Affendey, Lilly Suriani and Jabar, Marzanah A. and Ibrahim, Hamidah and Mustapha, Aida},
  booktitle={2012 International Conference on Information Retrieval & Knowledge Management}, 
  title={Data quality: A survey of data quality dimensions}, 
  year={2012},
  volume={},
  number={},
  pages={300-304},
  doi={10.1109/InfRKM.2012.6204995}}
@article{chen2014big,
  title={Big data: A survey},
  author={Chen, Min and Mao, Shiwen and Liu, Yunhao},
  journal={Mobile networks and applications},
  volume={19},
  pages={171--209},
  year={2014},
  publisher={Springer}
}
@article{ji2020quality,
  title={Quality assurance technologies of big data applications: A systematic literature review},
  author={Ji, Shunhui and Li, Qingqiu and Cao, Wennan and Zhang, Pengcheng and Muccini, Henry},
  journal={Applied Sciences},
  volume={10},
  number={22},
  pages={8052},
  year={2020},
  publisher={MDPI}
}